@article{Gily_n_2019,
   title={Optimizing quantum optimization algorithms via faster quantum gradient computation},
   ISBN={9781611975482},
   url={http://dx.doi.org/10.1137/1.9781611975482.87},
   DOI={10.1137/1.9781611975482.87},
   journal={Proceedings of the Thirtieth Annual ACM-SIAM Symposium on Discrete Algorithms},
   publisher={Society for Industrial and Applied Mathematics},
   author={Gilyén, András and Arunachalam, Srinivasan and Wiebe, Nathan},
   year={2019},
   month={Jan},
   pages={1425–1444}
}

@article{Jordan_2005,
   title={Fast Quantum Algorithm for Numerical Gradient Estimation},
   volume={95},
   ISSN={1079-7114},
   url={http://dx.doi.org/10.1103/PhysRevLett.95.050501},
   DOI={10.1103/physrevlett.95.050501},
   number={5},
   journal={Physical Review Letters},
   publisher={American Physical Society (APS)},
   author={Jordan, Stephen P.},
   year={2005},
   month={Jul}
}
